% This file was created with JabRef 2.10.
% Encoding: UTF-8


@Article{Corana.1987,
  Title                    = {Minimizing Multimodal Functions of Continuous Variables with the “Simulated Annealing” algorithm},
  Author                   = {Corana, A. and Marchesi, M. and Martini, C. and Ridella, S.},
  Journal                  = {ACM Trans. Math. Softw.},
  Year                     = {1987},
  Number                   = {3},
  Pages                    = {262--280},
  Volume                   = {13},

  Owner                    = {khusman1},
  Timestamp                = {2017.02.09}
}

@article{Dantzig.1959,
  title={On a linear-programming, combinatorial approach to the traveling-salesman problem},
  author={Dantzig, George Bernard and Fulkerson, Delbert R and Johnson, Selmer M},
  journal={Operations Research},
  volume={7},
  number={1},
  pages={58--66},
  year={1959},
  publisher={INFORMS}
}


@Book{Dantzig.1966,
  Title                    = {Lineare Programmierung und Erweiterungen},
  Author                   = {Dantzig, George Bernard},
  Publisher                = {Springer},
  Year                     = {1966},

  Address                  = {Berlin [u.a.]},
  Number                   = {2},

  Owner                    = {khusman1},
  Timestamp                = {2017.02.09}
}

@Article{Gao.2012,
  Title                    = {Implementing the Nelder-Mead simplex algorithm with adaptive parameters},
  Author                   = {Gao, Fuchang and Han, Lixing},
  Journal                  = {Computational Optimization and Applications},
  Year                     = {2012},
  Number                   = {1},
  Pages                    = {259--277},
  Volume                   = {51},

  Doi                      = {10.1007/s10589-010-9329-3},
  Owner                    = {khusman1},
  Timestamp                = {2017.02.09}
}

@Article{Geiger.1999,
  Title                    = {Das Nelder-Mead-Verfahren},
  Author                   = {Geiger, Carl and Kanzow, Christian},
  Journal                  = {Numerische Verfahren zur L{\"o}sung unregestrierter Optimierungsaufgaben},
  Year                     = {1999},

  Owner                    = {khusman1},
  Timestamp                = {2017.02.09}
}

@Book{Hansen.2012,
  Title                    = {Modellbasierte Entscheidungsunterstützung für den Forstbetrieb: Optimierung kurzfristiger Nutzungsoptionen und mittelfristiger Strategien unter Verwendung metaheuristischer Verfahren und parallelen Rechnens},
  Author                   = {Hansen, Jan Hendrik},
  Publisher                = {Cuvillier},
  Year                     = {2012},

  Address                  = {Göttingen},
  Edition                  = {1. Aufl.},

  Owner                    = {khusman1},
  Timestamp                = {2017.02.09}
}

@Article{ihaka.1996,
  Title                    = {R: A Language for Data Analysis and Graphics},
  Author                   = {Ihaka, Ross and Gentleman, Robert},
  Journal                  = {Journal of Computational and Graphical Statistics},
  Year                     = {1996},
  Number                   = {3},
  Pages                    = {299--314},
  Volume                   = {5}
}

@Article{Lagarias.1998,
  Title                    = {Convergence Properties of the Nelder-Mead Simplex Method in Low Dimensions},
  Author                   = {Lagarias, Jeffrey C. and Reeds, James A. and Wright, Margaret H. and Wright, Paul E.},
  Journal                  = {SIAM Journal on Optimization},
  Year                     = {1998},
  Number                   = {1},
  Pages                    = {112--147},
  Volume                   = {9},

  Doi                      = {10.1137/S1052623496303470},
  ISSN                     = {1052-6234},
  Owner                    = {khusman1},
  Timestamp                = {2017.02.09}
}

@Book{Mathews.2004,
  Title                    = {Numerical methods using MATLAB},
  Author                   = {Mathews, John H. and Fink, Kurtis D.},
  Publisher                = {Pearson},
  Year                     = {{\copyright}2004},

  Address                  = {Upper Saddle River and N.J},
  Edition                  = {4},

  ISBN                     = {0-13-065248-2},
  Owner                    = {khusman1},
  Timestamp                = {2017.02.09}
}

@Article{Nelder.1965,
  Title                    = {A simplex method for function minimization},
  Author                   = {Nelder, John and Mead, Roger},
  Journal                  = {Computer Journal},
  Year                     = {1965},
  Number                   = {4},
  Pages                    = {308--313},
  Volume                   = {7},

  Owner                    = {khusman1},
  Timestamp                = {2017.02.09}
}

@Article{Pronzato.1984,
  Title                    = {A general-purpose global optimizer: Implimentation and applications},
  Author                   = {Pronzato, Luc and Walter, Eric and Venot, Alain and Lebruchec, Jean-Francois},
  Journal                  = {Mathematics and Computers in Simulation},
  Year                     = {1984},
  Number                   = {5},
  Pages                    = {412--422},
  Volume                   = {26},

  Doi                      = {10.1016/0378-4754(84)90105-8},
  ISSN                     = {03784754},
  Owner                    = {khusman1},
  Timestamp                = {2017.02.09}
}

@Manual{R,
  Title                    = {R: A Language and Environment for Statistical Computing},

  Address                  = {Vienna, Austria},
  Author                   = {{R Core Team}},
  Note                     = {{ISBN} 3-900051-07-0},
  Organization             = {R Foundation for Statistical Computing},
  Year                     = {2012},

  Url                      = {http://www.R-project.org/}
}

@Article{Rosenbrock.1960,
  Title                    = {An Automatic Method for Finding the Greatest or Least Value of a Function},
  Author                   = {Rosenbrock, H. H.},
  Journal                  = {The Computer Journal},
  Year                     = {1960},
  Number                   = {3},
  Pages                    = {175--184},
  Volume                   = {3},

  Doi                      = {10.1093/comjnl/3.3.175},
  ISSN                     = {0010-4620},
  Owner                    = {khusman1},
  Timestamp                = {2017.02.09}
}

@Book{Tomick.1995,
  Title                    = {On Convergence of the Nelder-Mead Simplex Algorithm for Unconstrained Stochastic Optimization},
  Author                   = {Tomick, John James},
  Year                     = {1995},

  Institution              = {{The Pennsylvania State University}},
  Owner                    = {khusman1},
  Timestamp                = {2017.02.09}
}

@InProceedings{Wegener.2005,
  Title                    = {Simulated annealing beats metropolis in combinatorial optimization},
  Author                   = {Wegener, Ingo},
  Booktitle                = {International Colloquium on Automata, Languages, and Programming},
  Year                     = {2005},
  Organization             = {Springer},
  Pages                    = {589--601}
}

@Article{Xiang.2013,
  Title                    = {Generalized Simulated Annealing for Global Optimization: the GenSA Package},
  Author                   = {Xiang, Yang and Gubian, Sylvain and Suomela, Brian and Hoeng, Julia},
  Journal                  = {The R Journal Volume 5(1):13-29, June 2013},
  Year                     = {2013},

  Owner                    = {khusman1},
  Timestamp                = {2017.02.09}
}

